%partion manuscript
@article{partition,
  title = {First-principles estimation of partition functions representing disordered lattices such as the cubic phases of ${\mathrm{Li}}_{2}\mathrm{OHCl}$ and ${\mathrm{Li}}_{2}\mathrm{OHBr}$},
  author = {Howard, J. D. and Holzwarth, N. A. W.},
  journal = {Phys. Rev. B},
  volume = {99},
  issue = {1},
  pages = {014109},
  numpages = {15},
  year = {2019},
  month = {Jan},
  publisher = {American Physical Society},
  doi = {10.1103/PhysRevB.99.014109},
  url = {https://link.aps.org/doi/10.1103/PhysRevB.99.014109}
