%% LaTeX2e file `BIB.bib'
%% generated by the `filecontents' environment
%% from source `Main' on 2019/02/08.
%%
%Article in American Journal of Physics about the Wang and Landau method
@article{Wang_and_Landua_AAPT,
author = {Landau,D. P.  and Tsai,S. H. and Exler,M. },
title = {A new approach to Monte Carlo simulations in statistical physics: Wang-Landau sampling},
journal = {American Journal of Physics},
volume = {72},
number = {10},
pages = {1294-1302},
year = {2004},
doi = {10.1119/1.1707017},

URL = {
        https://doi.org/10.1119/1.1707017

},
eprint = {
        https://doi.org/10.1119/1.1707017

}

}

%Wang and Landau's article in physical review letters
@article{WL_phys_rev_lett,
  title = {Efficient, Multiple-Range Random Walk Algorithm to Calculate the Density of States},
  author = {Wang, F. and Landau, D. P.},
  journal = {Phys. Rev. Lett.},
  volume = {86},
  issue = {10},
  pages = {2050--2053},
  numpages = {0},
  year = {2001},
  month = {Mar},
  publisher = {American Physical Society},
  doi = {10.1103/PhysRevLett.86.2050},
  url = {https://link.aps.org/doi/10.1103/PhysRevLett.86.2050}
}


 %exactly solved models in statistical mechanics
 @book{exact_statistical,
    title={Exactly Solved Models in Statistical Mechanics},
    author={Baxter, R. J.},
    year={2016},
    publisher={Elsevier},
    note = {ISBN  978-0-12-083180-7}
 }


%Onsagers solution to the 2-d ising model
@article{Onsager,
  title = {Crystal Statistics. I. A Two-Dimensional Model with an Order-Disorder Transition},
  author = {Onsager, L.},
  journal = {Phys. Rev.},
  volume = {65},
  issue = {3-4},
  pages = {117--149},
  year = {1944},
  optmonth = {Feb},
  optpublisher = {American Physical Society},
  optdoi = {10.1103/PhysRev.65.117},
  opturl = {https://link.aps.org/doi/10.1103/PhysRev.65.117}
}

%Harvard book on 2-d Ising model
@book{Ising,
    author={B. M. McCoy and T. T. Wu},
    title={The {T}wo-{D}imensional {I}sing {M}odel},
    publisher = {Harvard University Press},
    year=1973}

%Monte Carlo simulations book
@book{landau_MC_simulations,
  author={D. P. Landau and K. Binder},
  title={A {G}uide to {M}onte {C}arlo {S}imulations in {P}hysics},
  edition={Fourth Edition},
  publisher={Cambridge University Press},
  year=2015}

  @article{metropolis_equation_1953,
 title = {Equation of State Calculations by Fast Computing Machines},
 volume = {21},
 issn = {0021-9606, 1089-7690},
 url = {http://aip.scitation.org/doi/10.1063/1.1699114},
 doi = {10.1063/1.1699114},
 pages = {1087--1092},
 number = {6},
 journal = {The Journal of Chemical Physics},
 author = {Metropolis, N. and Rosenbluth, A. W.
         and Rosenbluth, M. N. and Teller, A. H. and
          Teller, E.},
 urldate = {2017-12-31},
 date = {1953-06},
        year=1953}



    @misc{XMGRACE,
   note={XMGRACE is a two-dimensional plotting software
package maintained at the webpage
     \url{http://plasma-gate.weizmann.ac.il/Grace}.}}

 %cluster expansion reference
    @incollection{fontaine_cluster_1994,
 title = {Cluster {Approach} to {Order}-{Disorder} {Transformations} in {Alloys}},
 volume = {47},
 isbn = {978-0-12-607747-6},
 url = {http://linkinghub.elsevier.com/retrieve/pii/S0081194708606396},
 urldate = {2018-08-20},
 booktitle = {{S}olid {S}tate {P}hysics},
 publisher = {Elsevier},
 author = {Fontaine, D. D.},
 year = {1994},
 doi = {10.1016/S0081-1947(08)60639-6},
 pages = {33--176}}

 %Beale exact solution 2-D ising weights
 @article{Beale_2d_ising,
  title = {Exact Distribution of Energies in the Two-Dimensional Ising Model},
  author = {Beale, P. D.},
  journal = {Phys. Rev. Lett.},
  volume = {76},
  issue = {1},
  pages = {78--81},
  numpages = {0},
  year = {1996},
  month = {Jan},
  publisher = {American Physical Society},
  doi = {10.1103/PhysRevLett.76.78},
  url = {https://link.aps.org/doi/10.1103/PhysRevLett.76.78}
}


%Massively parallel Wang and Landau
@article{MP_Wang_Landau,
title = "Massively parallel Wang–Landau sampling on multiple GPUs",
journal = "Computer Physics Communications",
volume = "183",
number = "8",
pages = "1568 - 1573",
year = "2012",
issn = "0010-4655",
doi = "https://doi.org/10.1016/j.cpc.2012.02.023",
url = "http://www.sciencedirect.com/science/article/pii/S0010465512000859",
author = "J. Yin and D. P. Landau",
keywords = "Wang–Landau sampling, GPU computing, Water clusters, Phase transition"
}

%Parallel Wang and Landau
@article{P_imp_Wang_Landau,
title = "A parallel implementation of the Wang–Landau algorithm",
journal = "Computer Physics Communications",
volume = "179",
number = "5",
pages = "339 - 344",
year = "2008",
issn = "0010-4655",
doi = "https://doi.org/10.1016/j.cpc.2008.04.002",
url = "http://www.sciencedirect.com/science/article/pii/S0010465508001392",
author = "L. Zhan",
keywords = "Wang–Landau, Monte Carlo, OpenMP, Distributed computing"
}

%Hierachical frame work for Wang and Landau parallel
@article{Hframe_Wang_Landau,
author = {Vogel, T. and Li, Y. W. and W\"{u}st, T. and Landau, D.},
year = {2013},
month = {05},
pages = {210603},
title = {Generic, Hierarchical Framework for Massively Parallel Wang-Landau Sampling},
volume = {110},
booktitle = {Physical review letters}
}


%Zachs reference
@article{Hood,
author = {Hood, Z. D. and Wang, H. and S. Pandian, A. and Keum, J. K. and Liang, C.},
title = {$\mathrm{Li}_2\mathrm{O}\mathrm{H}\mathrm{Cl}$ Crystalline Electrolyte for Stable Metallic Lithium Anodes},
journal = {Journal of the American Chemical Society},
volume = {138},
number = {6},
pages = {1768-1771},
year = {2016},
moddoi = {10.1021/jacs.5b11851},
modnote ={PMID: 26794604},
modURL = { http://dx.doi.org/10.1021/jacs.5b11851 },
modeprint = { http://dx.doi.org/10.1021/jacs.5b11851 } }

%schwerings reference
@article {Schwering,
author = {Schwering, G. and H\"{o}nnerscheid, A. and v.
W\"{u}llen, L. and Jansen, M.},
title = {High Lithium Ionic Conductivity in the Lithium Halide Hydrates  $\mathrm{Li}_{3-n}(\mathrm{OH}_{n})\mathrm{Cl}$ $(0.83\leq n\leq 2)$ and $\mathrm{Li}_{3-n}(\mathrm{OH}_{n})\mathrm{Br}$ $(1\leq n\leq 2)$ at Ambient Temperatures},
journal = {ChemPhysChem},
volume = {4},
number = {4},
publisher = {WILEY-VCH Verlag},
issn = {1439-7641},
url = {http://dx.doi.org/10.1002/cphc.200390060},
doi = {10.1002/cphc.200390060},
pages = {343--348},
keywords = {halides, hydrates, ionic conductivity, lithium, NMR spectroscopy},
year = {2003},
}

%our reference
@article{Holzwarth_group ,
  title = { Fundamental aspects of the structural and electrolyte properties of $  \mathrm{Li}_{2} \mathrm{OHCl}$ from simulations and experiment} ,
  author = {Howard, J. D. and Hood, Z. D. and Holzwarth, N. A. W.},
  journal = {Phys. Rev. Materials},
  volume = {1},
  issue = {7},
  pages = {075406},
  numpages = {13},
  year = {2017},
  month = {Dec},
  publisher = {American Physical Society},
  doi = {10.1103/PhysRevMaterials.1.075406},
  url = {https://link.aps.org/doi/10.1103/PhysRevMaterials.1.075406}
}

%Songs paper (Borodin)
﻿@article {Song_Borodin,
author = {Song, A. Y. and Xiao, Y. and Turcheniuk, K. and Upadhya, P. and Ramanujapuram, A. and Benson, J. and Magasinski, A. and Olguin, M. and Meda, L. and Borodin, O. and Yushin, G.},
title = {Protons Enhance Conductivities in Lithium Halide Hydroxide/Lithium Oxyhalide Solid Electrolytes by Forming Rotating Hydroxy Groups},
journal = {Advanced Energy Materials},
issn = {1614-6840},
url = {http://dx.doi.org/10.1002/aenm.201700971},
doi = {10.1002/aenm.201700971},
pages = {1700971},
keywords = {antiperovskite, Li-ion conductivity, molecular dynamics simulations, solid state electrolyte, X-ray diffraction},
year = {2018},
}

%Goodenoughs reference
@article {Goodenough,
author = {Li, Y. and Zhou, W. and Xin, S. and Li, S. and Zhu, J.and Lü, X. and Cui, Z. and Jia, Q. and Zhou, J. and Zhao, Y. and Goodenough, J. B.},
title = {Fluorine-Doped Antiperovskite Electrolyte for All-Solid-State Lithium-Ion Batteries},
journal = {Angewandte Chemie International Edition},
volume = {55},
number = {34},
issn = {1521-3773},
url = {http://dx.doi.org/10.1002/anie.201604554},
doi = {10.1002/anie.201604554},
pages = {9965--9968},
keywords = {all-solid-state battery, antiperovskite, lithium-ion battery, solid electrolyte},
year = {2016},
}

%Quantum Espresso Citation

@article{PWscf:2009,
   author={P. Giannozzi and S. Baroni and  N. Bonini and
         M. Calandra and R. Car and C. Cavazzoni and
         D. Ceresoli and G.L Chiarotti and M. Cococcioni and
         I. Dabo  and A. D. Corso and S. d. Gironcoli and
         S. Fabris and G. Fratesi and R. Gebauer and
         U. Gerstmann and C. Gougoussis and A. Kokalj and
         M.Lazzeri and L. M. Samos and . Marzari and
         F. Mauri and R. Mazzarello and S. Paolini and
         A. Pasquarello and L. Paulatto and C. Sbraccia and
         S.Scandolo and G. Sclauzero and A. P. Seitsonen and
         A. Smogunov and P. Umari and R. M. Wentzcovitch},
   title={QUANTUM ESPRESSO: a modular and open-source software project
        for quantum simulations of materials},
   journal={J. Phys.: Condens. Matter},
   volume=21,
   number=39,
   pages={394402 (19pp)},
   year=2009,
   note={Available from the website \url{http://www.quantum-espresso.org.}}


%PBE citation
@article{PBE,
  title = {Generalized Gradient Approximation Made Simple},
  author = {Perdew, J. P. and Burke, K. and Ernzerhof, M.},
  journal = {Phys. Rev. Lett.},
  volume = {77},
  issue = {18},
  pages = {3865--3868},
  numpages = {0},
  year = {1996},
  month = {Oct},
  publisher = {American Physical Society},
  doi = {10.1103/PhysRevLett.77.3865},
  url = {https://link.aps.org/doi/10.1103/PhysRevLett.77.3865}
}

%DFT citation
 @article{kohn:1965,
 author ={W. Kohn and L. J. Sham},
 title  ={Self-consistent equations including exchange and correlation effects},
 journal    ={Physical Review},
 volume =140,
 pages  ={A1133--A1138},
year =1965}

%partion manuscript
@article{partition,
  title = {First-principles estimation of partition functions representing disordered lattices such as the cubic phases of ${\mathrm{Li}}_{2}\mathrm{OHCl}$ and ${\mathrm{Li}}_{2}\mathrm{OHBr}$},
  author = {Howard, J. D. and Holzwarth, N. A. W.},
  journal = {Phys. Rev. B},
  volume = {99},
  issue = {1},
  pages = {014109},
  numpages = {15},
  year = {2019},
  month = {Jan},
  publisher = {American Physical Society},
  doi = {10.1103/PhysRevB.99.014109},
  url = {https://link.aps.org/doi/10.1103/PhysRevB.99.014109}
}

%PAW vasp citation
@article{pawVasp,
  title = {From ultrasoft pseudopotentials to the projector augmented-wave method},
  author = {Kresse, G. and Joubert, D.},
  journal = {Phys. Rev. B},
  volume = {59},
  issue = {3},
  pages = {1758--1775},
  numpages = {0},
  year = {1999},
  month = {Jan},
  publisher = {American Physical Society},
  doi = {10.1103/PhysRevB.59.1758},
  url = {https://link.aps.org/doi/10.1103/PhysRevB.59.1758}
}

%projector augmented wave blochl
@article{Blochl,
  title = {Projector augmented-wave method},
  author = {Bl\"ochl, P. E.},
  journal = {Phys. Rev. B},
  volume = {50},
  issue = {24},
  pages = {17953--17979},
  numpages = {0},
  year = {1994},
  month = {Dec},
  publisher = {American Physical Society},
  doi = {10.1103/PhysRevB.50.17953},
  url = {https://link.aps.org/doi/10.1103/PhysRevB.50.17953}
}

%Vasp citation 1
@article{Vasp1,
  title = {Ab initio molecular dynamics for liquid metals},
  author = {Kresse, G. and Hafner, J.},
  journal = {Phys. Rev. B},
  volume = {47},
  issue = {1},
  pages = {558--561},
  numpages = {0},
  year = {1993},
  month = {Jan},
  publisher = {American Physical Society},
  doi = {10.1103/PhysRevB.47.558},
  url = {https://link.aps.org/doi/10.1103/PhysRevB.47.558}
}

%Vasp citation 2
@article{Vasp2,
  title = {Ab initio molecular-dynamics simulation of the liquid-metal--amorphous-semiconductor transition in germanium},
  author = {Kresse, G. and Hafner, J.},
  journal = {Phys. Rev. B},
  volume = {49},
  issue = {20},
  pages = {14251--14269},
  numpages = {0},
  year = {1994},
  month = {May},
  publisher = {American Physical Society},
  doi = {10.1103/PhysRevB.49.14251},
  url = {https://link.aps.org/doi/10.1103/PhysRevB.49.14251}
}

%Vasp citation 3
@article{Vasp3,
title = "Efficiency of ab-initio total energy calculations for metals and semiconductors using a plane-wave basis set",
journal = "Computational Materials Science",
volume = "6",
number = "1",
pages = "15 - 50",
year = "1996",
issn = "0927-0256",
doi = "https://doi.org/10.1016/0927-0256(96)00008-0",
url = "http://www.sciencedirect.com/science/article/pii/0927025696000080",
author = "G. Kresse and J. Furthmüller",
abstract = "We present a detailed description and comparison of algorithms for performing ab-initio quantum-mechanical calculations using pseudopotentials and a plane-wave basis set. We will discuss: (a) partial occupancies within the framework of the linear tetrahedron method and the finite temperature density-functional theory, (b) iterative methods for the diagonalization of the Kohn-Sham Hamiltonian and a discussion of an efficient iterative method based on the ideas of Pulay's residual minimization, which is close to an order Natoms2 scaling even for relatively large systems, (c) efficient Broyden-like and Pulay-like mixing methods for the charge density including a new special ‘preconditioning’ optimized for a plane-wave basis set, (d) conjugate gradient methods for minimizing the electronic free energy with respect to all degrees of freedom simultaneously. We have implemented these algorithms within a powerful package called VAMP (Vienna ab-initio molecular-dynamics package). The program and the techniques have been used successfully for a large number of different systems (liquid and amorphous semiconductors, liquid simple and transition metals, metallic and semi-conducting surfaces, phonons in simple metals, transition metals and semiconductors) and turned out to be very reliable."
}

%Vasp citation 4
@article{Vasp4,
  title = {Efficient iterative schemes for ab initio total-energy calculations using a plane-wave basis set},
  author = {Kresse, G. and Furthm\"uller, J.},
  journal = {Phys. Rev. B},
  volume = {54},
  issue = {16},
  pages = {11169--11186},
  numpages = {0},
  year = {1996},
  month = {Oct},
  publisher = {American Physical Society},
  doi = {10.1103/PhysRevB.54.11169},
  url = {https://link.aps.org/doi/10.1103/PhysRevB.54.11169}
}

%PBEerratum
@article{PBEerratum,
  title = {Generalized Gradient Approximation Made Simple [Phys. Rev. Lett. 77, 3865 (1996)]},
  author = {Perdew, J. P. and Burke, K.and Ernzerhof, M.},
  journal = {Phys. Rev. Lett.},
  volume = {78},
  issue = {7},
  pages = {1396--1396},
  numpages = {0},
  year = {1997},
  month = {Feb},
  publisher = {American Physical Society},
  doi = {10.1103/PhysRevLett.78.1396},
  url = {https://link.aps.org/doi/10.1103/PhysRevLett.78.1396}
}
